<record><leader>00000cas a2200000 a 4500</leader><controlfield tag="001">8807320</controlfield><controlfield tag="008">820925d19311974ilucr ne      0   a0eng  </controlfield><controlfield tag="009">466</controlfield><datafield ind1=" " ind2=" " tag="010"><subfield code="a">sn 82015299 </subfield></datafield><datafield ind1=" " ind2=" " tag="040"><subfield code="a">DLC</subfield><subfield code="b">eng</subfield><subfield code="c">DLC</subfield><subfield code="d">NVF</subfield><subfield code="d">OCLCQ</subfield><subfield code="d">CVF</subfield><subfield code="d">NVF</subfield><subfield code="d">OCLCO</subfield><subfield code="d">OCLCF</subfield></datafield><datafield ind1="1" ind2=" " tag="029"><subfield code="a">AU@</subfield><subfield code="b">000025828998</subfield></datafield><datafield ind1=" " ind2=" " tag="042"><subfield code="a">pcc</subfield></datafield><datafield ind1=" " ind2=" " tag="043"><subfield code="a">n-us-il</subfield></datafield><datafield ind1="0" ind2="0" tag="050"><subfield code="a">Newspaper 7002</subfield></datafield><datafield ind1="0" ind2="4" tag="245"><subfield code="a">The Whiteside County news.</subfield></datafield><datafield ind1="1" ind2=" " tag="246"><subfield code="i">Thursday issue of semiweekly published as:</subfield><subfield code="a">Whiteside sentinel</subfield><subfield code="f">Oct. 4, 1955-1974</subfield></datafield><datafield ind1=" " ind2=" " tag="260"><subfield code="a">Morrison, Ill. :</subfield><subfield code="b">Shawver Print. Co.,</subfield><subfield code="c">1931-1974.</subfield></datafield><datafield ind1=" " ind2=" " tag="300"><subfield code="a">v.</subfield></datafield><datafield ind1=" " ind2=" " tag="310"><subfield code="a">Semiweekly,</subfield><subfield code="b">Dec. 4, 1944-1974</subfield></datafield><datafield ind1=" " ind2=" " tag="321"><subfield code="a">Weekly,</subfield><subfield code="b">1931-Nov. 30, 1944</subfield></datafield><datafield ind1="0" ind2=" " tag="362"><subfield code="a">Vol. 10, no. 28 (Feb. 12, 1931)-v. 117, no. 67 (Mar. 14, 1974).</subfield></datafield><datafield ind1=" " ind2=" " tag="515"><subfield code="a">Continues the numbering of Whiteside County farmer.</subfield></datafield><datafield ind1=" " ind2=" " tag="515"><subfield code="a">Tuesday and Thursday issues of semiweekly each have their own numbering, Oct. 4, 1955-1974.</subfield></datafield><datafield ind1=" " ind2=" " tag="530"><subfield code="a">Also available on microfilm from the Illinois State Historical Library.</subfield></datafield><datafield ind1=" " ind2="0" tag="651"><subfield code="a">Morrison (Ill.)</subfield><subfield code="v">Newspapers.</subfield></datafield><datafield ind1=" " ind2="0" tag="651"><subfield code="a">Whiteside County (Ill.)</subfield><subfield code="v">Newspapers.</subfield></datafield><datafield ind1=" " ind2="7" tag="655"><subfield code="a">Newspapers.</subfield><subfield code="2">fast</subfield><subfield code="0">(OCoLC)fst01423814</subfield></datafield><datafield ind1=" " ind2="7" tag="651"><subfield code="a">Illinois</subfield><subfield code="z">Morrison.</subfield><subfield code="2">fast</subfield><subfield code="0">(OCoLC)fst01226724</subfield></datafield><datafield ind1=" " ind2="7" tag="651"><subfield code="a">Illinois</subfield><subfield code="z">Whiteside County.</subfield><subfield code="2">fast</subfield><subfield code="0">(OCoLC)fst01208395</subfield></datafield><datafield ind1=" " ind2=" " tag="752"><subfield code="a">United States</subfield><subfield code="b">Illinois</subfield><subfield code="c">Whiteside</subfield><subfield code="d">Morrison.</subfield></datafield><datafield ind1="0" ind2="0" tag="780"><subfield code="t">Whiteside County farmer</subfield><subfield code="w">(DLC)sn 92053338</subfield><subfield code="w">(OCoLC)26450037</subfield></datafield><datafield ind1="0" ind2="5" tag="780"><subfield code="t">Whiteside sentinel (Morrison, Ill. : Weekly)</subfield><subfield code="w">(DLC)sn 85033888</subfield><subfield code="w">(OCoLC)12304617</subfield></datafield><datafield ind1="0" ind2="0" tag="785"><subfield code="t">Whiteside news-sentinel</subfield><subfield code="w">(DLC)sn 92053339</subfield><subfield code="w">(OCoLC)26450583</subfield></datafield></record>